@String(PAMI = {IEEE Trans. Pattern Anal. Mach. Intell.})
@String(IJCV = {Int. J. Comput. Vis.})
@String(CVPR= {IEEE Conf. Comput. Vis. Pattern Recog.})
@String(ICCV= {Int. Conf. Comput. Vis.})
@String(ECCV= {Eur. Conf. Comput. Vis.})
@String(NIPS= {Adv. Neural Inform. Process. Syst.})
@String(ICPR = {Int. Conf. Pattern Recog.})
@String(BMVC= {Brit. Mach. Vis. Conf.})
@String(TOG= {ACM Trans. Graph.})
@String(TIP  = {IEEE Trans. Image Process.})
@String(TVCG  = {IEEE Trans. Vis. Comput. Graph.})
@String(TMM  = {IEEE Trans. Multimedia})
@String(ACMMM= {ACM Int. Conf. Multimedia})
@String(ICME = {Int. Conf. Multimedia and Expo})
@String(ICASSP=	{ICASSP})
@String(ICIP = {IEEE Int. Conf. Image Process.})
@String(ACCV  = {ACCV})
@String(ICLR = {Int. Conf. Learn. Represent.})
@String(IJCAI = {IJCAI})
@String(PR   = {Pattern Recognition})
@String(AAAI = {AAAI})
@String(CVPRW= {IEEE Conf. Comput. Vis. Pattern Recog. Worksh.})
@String(CSVT = {IEEE Trans. Circuit Syst. Video Technol.})

@String(SPL	= {IEEE Sign. Process. Letters})
@String(VR   = {Vis. Res.})
@String(JOV	 = {J. Vis.})
@String(TVC  = {The Vis. Comput.})
@String(JCST  = {J. Comput. Sci. Tech.})
@String(CGF  = {Comput. Graph. Forum})
@String(CVM = {Computational Visual Media})


@String(PAMI  = {IEEE TPAMI})
@String(IJCV  = {IJCV})
@String(CVPR  = {CVPR})
@String(ICCV  = {ICCV})
@String(ECCV  = {ECCV})
@String(NIPS  = {NeurIPS})
@String(ICPR  = {ICPR})
@String(BMVC  =	{BMVC})
@String(TOG   = {ACM TOG})
@String(TIP   = {IEEE TIP})
@String(TVCG  = {IEEE TVCG})
@String(TCSVT = {IEEE TCSVT})
@String(TMM   =	{IEEE TMM})
@String(ACMMM = {ACM MM})
@String(ICME  =	{ICME})
@String(ICASSP=	{ICASSP})
@String(ICIP  = {ICIP})
@String(ACCV  = {ACCV})
@String(ICLR  = {ICLR})
@String(IJCAI = {IJCAI})
@String(PR = {PR})
@String(AAAI = {AAAI})
@String(CVPRW= {CVPRW})
@String(CSVT = {IEEE TCSVT})


@article{zhang2021fairmot,
  title={Fairmot: On the fairness of detection and re-identification in multiple object tracking},
  author={Zhang, Yifu and Wang, Chunyu and Wang, Xinggang and Zeng, Wenjun and Liu, Wenyu},
  journal={International Journal of Computer Vision},
  volume={129},
  pages={3069--3087},
  year={2021},
  publisher={Springer}
}

@inproceedings{yu2018deep,
  title={Deep layer aggregation},
  author={Yu, Fisher and Wang, Dequan and Shelhamer, Evan and Darrell, Trevor},
  booktitle={Proceedings of the IEEE conference on computer vision and pattern recognition},
  pages={2403--2412},
  year={2018}
}

@inproceedings{wojke2017simple,
  title={Simple online and realtime tracking with a deep association metric},
  author={Wojke, Nicolai and Bewley, Alex and Paulus, Dietrich},
  booktitle={2017 IEEE international conference on image processing (ICIP)},
  pages={3645--3649},
  year={2017},
  organization={IEEE}
}

@inproceedings{zhang2022bytetrack,
  title={Bytetrack: Multi-object tracking by associating every detection box},
  author={Zhang, Yifu and Sun, Peize and Jiang, Yi and Yu, Dongdong and Weng, Fucheng and Yuan, Zehuan and Luo, Ping and Liu, Wenyu and Wang, Xinggang},
  booktitle={European Conference on Computer Vision},
  pages={1--21},
  year={2022},
  organization={Springer}
}

@article{liang2022rethinking,
  title={Rethinking the competition between detection and reid in multiobject tracking},
  author={Liang, Chao and Zhang, Zhipeng and Zhou, Xue and Li, Bing and Zhu, Shuyuan and Hu, Weiming},
  journal={IEEE Transactions on Image Processing},
  volume={31},
  pages={3182--3196},
  year={2022},
  publisher={IEEE}
}

@article{jocher2022ultralytics,
  title={ultralytics/yolov5: v7. 0-yolov5 sota realtime instance segmentation},
  author={Jocher, Glenn and Chaurasia, Ayush and Stoken, Alex and Borovec, Jirka and Kwon, Yonghye and Michael, Kalen and Fang, Jiacong and Yifu, Zeng and Wong, Colin and Montes, Diego and others},
  journal={Zenodo},
  year={2022}
}

@article{sun2020transtrack,
  title={Transtrack: Multiple object tracking with transformer},
  author={Sun, Peize and Cao, Jinkun and Jiang, Yi and Zhang, Rufeng and Xie, Enze and Yuan, Zehuan and Wang, Changhu and Luo, Ping},
  journal={arXiv preprint arXiv:2012.15460},
  year={2020}
}

@article{zhu2020deformable,
  title={Deformable detr: Deformable transformers for end-to-end object detection},
  author={Zhu, Xizhou and Su, Weijie and Lu, Lewei and Li, Bin and Wang, Xiaogang and Dai, Jifeng},
  journal={arXiv preprint arXiv:2010.04159},
  year={2020}
}

@inproceedings{meinhardt2022trackformer,
  title={Trackformer: Multi-object tracking with transformers},
  author={Meinhardt, Tim and Kirillov, Alexander and Leal-Taixe, Laura and Feichtenhofer, Christoph},
  booktitle={Proceedings of the IEEE/CVF conference on computer vision and pattern recognition},
  pages={8844--8854},
  year={2022}
}

@inproceedings{wu2023referring,
  title={Referring Multi-Object Tracking},
  author={Wu, Dongming and Han, Wencheng and Wang, Tiancai and Dong, Xingping and Zhang, Xiangyu and Shen, Jianbing},
  booktitle={Proceedings of the IEEE/CVF Conference on Computer Vision and Pattern Recognition},
  pages={14633--14642},
  year={2023}
}

@software{Jocher_YOLO_by_Ultralytics_2023,
    author = {Jocher, Glenn and Chaurasia, Ayush and Qiu, Jing},
    license = {AGPL-3.0},
    month = jan,
    title = {{YOLO by Ultralytics}},
    url = {https://github.com/ultralytics/ultralytics},
    version = {8.0.0},
    year = {2023}
}

@inproceedings{cao2023observation,
  title={Observation-centric sort: Rethinking sort for robust multi-object tracking},
  author={Cao, Jinkun and Pang, Jiangmiao and Weng, Xinshuo and Khirodkar, Rawal and Kitani, Kris},
  booktitle={Proceedings of the IEEE/CVF Conference on Computer Vision and Pattern Recognition},
  pages={9686--9696},
  year={2023}
}

@article{maggiolino2023deep,
  title={Deep oc-sort: Multi-pedestrian tracking by adaptive re-identification},
  author={Maggiolino, Gerard and Ahmad, Adnan and Cao, Jinkun and Kitani, Kris},
  journal={arXiv preprint arXiv:2302.11813},
  year={2023}
}

@article{du2023strongsort,
  title={Strongsort: Make deepsort great again},
  author={Du, Yunhao and Zhao, Zhicheng and Song, Yang and Zhao, Yanyun and Su, Fei and Gong, Tao and Meng, Hongying},
  journal={IEEE Transactions on Multimedia},
  year={2023},
  publisher={IEEE}
}

@inproceedings{zhang2023motrv2,
  title={Motrv2: Bootstrapping end-to-end multi-object tracking by pretrained object detectors},
  author={Zhang, Yuang and Wang, Tiancai and Zhang, Xiangyu},
  booktitle={Proceedings of the IEEE/CVF Conference on Computer Vision and Pattern Recognition},
  pages={22056--22065},
  year={2023}
}

@inproceedings{radford2021learning,
  title={Learning transferable visual models from natural language supervision},
  author={Radford, Alec and Kim, Jong Wook and Hallacy, Chris and Ramesh, Aditya and Goh, Gabriel and Agarwal, Sandhini and Sastry, Girish and Askell, Amanda and Mishkin, Pamela and Clark, Jack and others},
  booktitle={International conference on machine learning},
  pages={8748--8763},
  year={2021},
  organization={PMLR}
}

@article{kalman1960new,
  title={A new approach to linear filtering and prediction problems},
  author={Kalman, Rudolph Emil},
  year={1960}
}

@inproceedings{geiger2012we,
  title={Are we ready for autonomous driving? the kitti vision benchmark suite},
  author={Geiger, Andreas and Lenz, Philip and Urtasun, Raquel},
  booktitle={2012 IEEE conference on computer vision and pattern recognition},
  pages={3354--3361},
  year={2012},
  organization={IEEE}
}

@inproceedings{sun2022dancetrack,
  title={Dancetrack: Multi-object tracking in uniform appearance and diverse motion},
  author={Sun, Peize and Cao, Jinkun and Jiang, Yi and Yuan, Zehuan and Bai, Song and Kitani, Kris and Luo, Ping},
  booktitle={Proceedings of the IEEE/CVF Conference on Computer Vision and Pattern Recognition},
  pages={20993--21002},
  year={2022}
}

@inproceedings{bewley2016simple,
  title={Simple online and realtime tracking},
  author={Bewley, Alex and Ge, Zongyuan and Ott, Lionel and Ramos, Fabio and Upcroft, Ben},
  booktitle={2016 IEEE international conference on image processing (ICIP)},
  pages={3464--3468},
  year={2016},
  organization={IEEE}
}

@article{aharon2022bot,
  title={BoT-SORT: Robust associations multi-pedestrian tracking},
  author={Aharon, Nir and Orfaig, Roy and Bobrovsky, Ben-Zion},
  journal={arXiv preprint arXiv:2206.14651},
  year={2022}
}

@article{vaswani2017attention,
  title={Attention is all you need},
  author={Vaswani, Ashish and Shazeer, Noam and Parmar, Niki and Uszkoreit, Jakob and Jones, Llion and Gomez, Aidan N and Kaiser, {\L}ukasz and Polosukhin, Illia},
  journal={Advances in neural information processing systems},
  volume={30},
  year={2017}
}

@inproceedings{yu2016poi,
  title={Poi: Multiple object tracking with high performance detection and appearance feature},
  author={Yu, Fengwei and Li, Wenbo and Li, Quanquan and Liu, Yu and Shi, Xiaohua and Yan, Junjie},
  booktitle={Computer Vision--ECCV 2016 Workshops: Amsterdam, The Netherlands, October 8-10 and 15-16, 2016, Proceedings, Part II 14},
  pages={36--42},
  year={2016},
  organization={Springer}
}

@inproceedings{bochinski2017high,
  title={High-speed tracking-by-detection without using image information},
  author={Bochinski, Erik and Eiselein, Volker and Sikora, Thomas},
  booktitle={2017 14th IEEE international conference on advanced video and signal based surveillance (AVSS)},
  pages={1--6},
  year={2017},
  organization={IEEE}
}

@inproceedings{wang2020towards,
  title={Towards real-time multi-object tracking},
  author={Wang, Zhongdao and Zheng, Liang and Liu, Yixuan and Li, Yali and Wang, Shengjin},
  booktitle={European Conference on Computer Vision},
  pages={107--122},
  year={2020},
  organization={Springer}
}

@inproceedings{seidenschwarz2023simple,
  title={Simple Cues Lead to a Strong Multi-Object Tracker},
  author={Seidenschwarz, Jenny and Bras{\'o}, Guillem and Serrano, V{\'\i}ctor Castro and Elezi, Ismail and Leal-Taix{\'e}, Laura},
  booktitle={Proceedings of the IEEE/CVF Conference on Computer Vision and Pattern Recognition},
  pages={13813--13823},
  year={2023}
}

@inproceedings{yang2023hard,
  title={Hard to track objects with irregular motions and similar appearances? make it easier by buffering the matching space},
  author={Yang, Fan and Odashima, Shigeyuki and Masui, Shoichi and Jiang, Shan},
  booktitle={Proceedings of the IEEE/CVF Winter Conference on Applications of Computer Vision},
  pages={4799--4808},
  year={2023}
}

@article{zheng2023towards,
  title={Towards Unified Token Learning for Vision-Language Tracking},
  author={Zheng, Yaozong and Zhong, Bineng and Liang, Qihua and Li, Guorong and Ji, Rongrong and Li, Xianxian},
  journal={IEEE Transactions on Circuits and Systems for Video Technology},
  year={2023},
  publisher={IEEE}
}

@article{zhao2023transformer,
  title={Transformer vision-language tracking via proxy token guided cross-modal fusion},
  author={Zhao, Haojie and Wang, Xiao and Wang, Dong and Lu, Huchuan and Ruan, Xiang},
  journal={Pattern Recognition Letters},
  volume={168},
  pages={10--16},
  year={2023},
  publisher={Elsevier}
}

@inproceedings{zhou2023joint,
  title={Joint Visual Grounding and Tracking with Natural Language Specification},
  author={Zhou, Li and Zhou, Zikun and Mao, Kaige and He, Zhenyu},
  booktitle={Proceedings of the IEEE/CVF Conference on Computer Vision and Pattern Recognition},
  pages={23151--23160},
  year={2023}
}

@article{zhang2023one,
  title={One-stream Vision-Language Memory Network for Object Tracking},
  author={Zhang, Huanlong and Wang, Jingchao and Zhang, Jianwei and Zhang, Tianzhu and Zhong, Bineng},
  journal={IEEE Transactions on Multimedia},
  year={2023},
  publisher={IEEE}
}

@inproceedings{botach2022end,
  title={End-to-end referring video object segmentation with multimodal transformers},
  author={Botach, Adam and Zheltonozhskii, Evgenii and Baskin, Chaim},
  booktitle={Proceedings of the IEEE/CVF Conference on Computer Vision and Pattern Recognition},
  pages={4985--4995},
  year={2022}
}

@inproceedings{carion2020end,
  title={End-to-end object detection with transformers},
  author={Carion, Nicolas and Massa, Francisco and Synnaeve, Gabriel and Usunier, Nicolas and Kirillov, Alexander and Zagoruyko, Sergey},
  booktitle={European conference on computer vision},
  pages={213--229},
  year={2020},
  organization={Springer}
}

@inproceedings{wu2022language,
  title={Language as queries for referring video object segmentation},
  author={Wu, Jiannan and Jiang, Yi and Sun, Peize and Yuan, Zehuan and Luo, Ping},
  booktitle={Proceedings of the IEEE/CVF Conference on Computer Vision and Pattern Recognition},
  pages={4974--4984},
  year={2022}
}

@inproceedings{wu2023onlinerefer,
  title={OnlineRefer: A Simple Online Baseline for Referring Video Object Segmentation},
  author={Wu, Dongming and Wang, Tiancai and Zhang, Yuang and Zhang, Xiangyu and Shen, Jianbing},
  booktitle={Proceedings of the IEEE/CVF International Conference on Computer Vision},
  pages={2761--2770},
  year={2023}
}

@inproceedings{ma2022x,
  title={X-clip: End-to-end multi-grained contrastive learning for video-text retrieval},
  author={Ma, Yiwei and Xu, Guohai and Sun, Xiaoshuai and Yan, Ming and Zhang, Ji and Ji, Rongrong},
  booktitle={Proceedings of the 30th ACM International Conference on Multimedia},
  pages={638--647},
  year={2022}
}

@inproceedings{chun2021probabilistic,
  title={Probabilistic embeddings for cross-modal retrieval},
  author={Chun, Sanghyuk and Oh, Seong Joon and De Rezende, Rafael Sampaio and Kalantidis, Yannis and Larlus, Diane},
  booktitle={Proceedings of the IEEE/CVF Conference on Computer Vision and Pattern Recognition},
  pages={8415--8424},
  year={2021}
}

@inproceedings{jiang2023cross,
  title={Cross-Modal Implicit Relation Reasoning and Aligning for Text-to-Image Person Retrieval},
  author={Jiang, Ding and Ye, Mang},
  booktitle={Proceedings of the IEEE/CVF Conference on Computer Vision and Pattern Recognition},
  pages={2787--2797},
  year={2023}
}

@article{yan2023image,
  title={Image-specific information suppression and implicit local alignment for text-based person search},
  author={Yan, Shuanglin and Tang, Hao and Zhang, Liyan and Tang, Jinhui},
  journal={IEEE Transactions on Neural Networks and Learning Systems},
  year={2023},
  publisher={IEEE}
}

@inproceedings{li2022learning,
  title={Learning semantic-aligned feature representation for text-based person search},
  author={Li, Shiping and Cao, Min and Zhang, Min},
  booktitle={ICASSP 2022-2022 IEEE International Conference on Acoustics, Speech and Signal Processing (ICASSP)},
  pages={2724--2728},
  year={2022},
  organization={IEEE}
}

@article{yan2022clip,
  title={Clip-driven fine-grained text-image person re-identification},
  author={Yan, Shuanglin and Dong, Neng and Zhang, Liyan and Tang, Jinhui},
  journal={arXiv preprint arXiv:2210.10276},
  year={2022}
}

@inproceedings{cui2019class,
  title={Class-balanced loss based on effective number of samples},
  author={Cui, Yin and Jia, Menglin and Lin, Tsung-Yi and Song, Yang and Belongie, Serge},
  booktitle={Proceedings of the IEEE/CVF conference on computer vision and pattern recognition},
  pages={9268--9277},
  year={2019}
}

@inproceedings{hyun2022long,
  title={Long-tail detection with effective class-margins},
  author={Hyun Cho, Jang and Kr{\"a}henb{\"u}hl, Philipp},
  booktitle={European Conference on Computer Vision},
  pages={698--714},
  year={2022},
  organization={Springer}
}

@inproceedings{zhao2023mdcs,
  title={MDCS: More Diverse Experts with Consistency Self-distillation for Long-tailed Recognition},
  author={Zhao, Qihao and Jiang, Chen and Hu, Wei and Zhang, Fan and Liu, Jun},
  booktitle={Proceedings of the IEEE/CVF International Conference on Computer Vision},
  pages={11597--11608},
  year={2023}
}

@inproceedings{du2023superdisco,
  title={SuperDisco: Super-Class Discovery Improves Visual Recognition for the Long-Tail},
  author={Du, Yingjun and Shen, Jiayi and Zhen, Xiantong and Snoek, Cees GM},
  booktitle={Proceedings of the IEEE/CVF Conference on Computer Vision and Pattern Recognition},
  pages={19944--19954},
  year={2023}
}

@inproceedings{du2023no,
  title={No One Left Behind: Improving the Worst Categories in Long-Tailed Learning},
  author={Du, Yingxiao and Wu, Jianxin},
  booktitle={Proceedings of the IEEE/CVF Conference on Computer Vision and Pattern Recognition},
  pages={15804--15813},
  year={2023}
}

@article{hochreiter1997long,
  title={Long short-term memory},
  author={Hochreiter, Sepp and Schmidhuber, J{\"u}rgen},
  journal={Neural computation},
  volume={9},
  number={8},
  pages={1735--1780},
  year={1997},
  publisher={MIT press}
}

@article{cho2014learning,
  title={Learning phrase representations using RNN encoder-decoder for statistical machine translation},
  author={Cho, Kyunghyun and Van Merri{\"e}nboer, Bart and Gulcehre, Caglar and Bahdanau, Dzmitry and Bougares, Fethi and Schwenk, Holger and Bengio, Yoshua},
  journal={arXiv preprint arXiv:1406.1078},
  year={2014}
}

@article{luiten2021hota,
  title={Hota: A higher order metric for evaluating multi-object tracking},
  author={Luiten, Jonathon and Osep, Aljosa and Dendorfer, Patrick and Torr, Philip and Geiger, Andreas and Leal-Taix{\'e}, Laura and Leibe, Bastian},
  journal={International journal of computer vision},
  volume={129},
  pages={548--578},
  year={2021},
  publisher={Springer}
}

@inproceedings{ristani2016performance,
  title={Performance measures and a data set for multi-target, multi-camera tracking},
  author={Ristani, Ergys and Solera, Francesco and Zou, Roger and Cucchiara, Rita and Tomasi, Carlo},
  booktitle={European conference on computer vision},
  pages={17--35},
  year={2016},
  organization={Springer}
}

@article{bernardin2008evaluating,
  title={Evaluating multiple object tracking performance: the clear mot metrics},
  author={Bernardin, Keni and Stiefelhagen, Rainer},
  journal={EURASIP Journal on Image and Video Processing},
  volume={2008},
  pages={1--10},
  year={2008},
  publisher={Springer}
}

@inproceedings{liang2022one,
  title={One more check: making “fake background” be tracked again},
  author={Liang, Chao and Zhang, Zhipeng and Zhou, Xue and Li, Bing and Hu, Weiming},
  booktitle={Proceedings of the AAAI Conference on Artificial Intelligence},
  volume={36},
  number={2},
  pages={1546--1554},
  year={2022}
}

@article{han2022mat,
  title={Mat: Motion-aware multi-object tracking},
  author={Han, Shoudong and Huang, Piao and Wang, Hongwei and Yu, En and Liu, Donghaisheng and Pan, Xiaofeng},
  journal={Neurocomputing},
  volume={476},
  pages={75--86},
  year={2022},
  publisher={Elsevier}
}

@inproceedings{lin2017focal,
  title={Focal loss for dense object detection},
  author={Lin, Tsung-Yi and Goyal, Priya and Girshick, Ross and He, Kaiming and Doll{\'a}r, Piotr},
  booktitle={Proceedings of the IEEE international conference on computer vision},
  pages={2980--2988},
  year={2017}
}
